<?xml version="1.0" encoding="UTF-8"?><collection xmlns="http://www.loc.gov/MARC21/slim"><record><leader>00438nam--2200145-i-4500</leader><controlfield tag="001">000016895</controlfield><controlfield tag="002">20161230</controlfield><controlfield tag="005">20161230201032</controlfield><controlfield tag="008">060222s1000------------r-----000-0-eng-d</controlfield><datafield ind1=" " ind2=" " tag="080"><subfield code="a">515.179(082.1)</subfield></datafield><datafield ind1=" " ind2=" " tag="100"><subfield code="a">Bakonyi, Mihail And Constantinescu, Tiberiu</subfield></datafield><datafield ind1=" " ind2=" " tag="245"><subfield code="a">Schur s algorithm and several applications</subfield></datafield><datafield ind1=" " ind2=" " tag="260"><subfield code="a">Timisoara, Universitatea Din Timisoara, 1989. 197 P</subfield></datafield><datafield ind1=" " ind2=" " tag="490"><subfield code="a">Monongrafii Matematice Nr. 38-39</subfield></datafield><datafield ind1=" " ind2=" " tag="852"><subfield code="a">74616</subfield></datafield></record></collection>